<?xml version="1.0" encoding="UTF-8"?><record xmlns="http://www.loc.gov/MARC21/slim" xmlns:cinclude="http://apache.org/cocoon/include/1.0" xmlns:zs="http://www.loc.gov/zing/srw/">
  <leader>00440cz  a2200145n  4500</leader>
  <controlfield tag="001">n  87948557 </controlfield>
  <controlfield tag="003">DLC</controlfield>
  <controlfield tag="005">20000617065150.0</controlfield>
  <controlfield tag="008">870930n| acannaabn          |a aaa      </controlfield>
  <datafield tag="010" ind1=" " ind2=" ">
    <subfield code="a">n  87948557 </subfield>
  </datafield>
  <datafield tag="035" ind1=" " ind2=" ">
    <subfield code="a">(OCoLC)oca01951925</subfield>
  </datafield>
  <datafield tag="040" ind1=" " ind2=" ">
    <subfield code="a">DLC</subfield>
    <subfield code="b">eng</subfield>
    <subfield code="c">DLC</subfield>
    <subfield code="d">OCoLC</subfield>
  </datafield>
  <datafield tag="100" ind1="1" ind2=" ">
    <subfield code="a">Kaastrup-Olsen, Jens,</subfield>
    <subfield code="d">1922-1976</subfield>
  </datafield>
  <datafield tag="400" ind1="1" ind2=" ">
    <subfield code="a">Olsen, Jens Kaastrup-,</subfield>
    <subfield code="d">1922-1976</subfield>
  </datafield>
  <datafield tag="670" ind1=" " ind2=" ">
    <subfield code="a">KunsthaĚndvĂŚrk i strejflys, 1987:</subfield>
    <subfield code="b">jkt. (Jens Kaastrup-Olsen, 1922-1976)</subfield>
  </datafield>
</record>